<?xml version="1.0" encoding="UTF-8"?><collection xmlns="http://www.loc.gov/MARC21/slim"><record><leader>00373nam--2200133-i-4500</leader><controlfield tag="001">000048219</controlfield><controlfield tag="002">20161230</controlfield><controlfield tag="005">20161230201046</controlfield><controlfield tag="008">060222s1000------------r-----000-0-eng-d</controlfield><datafield ind1=" " ind2=" " tag="100"><subfield code="a">Zaleschi,A.H</subfield></datafield><datafield ind1=" " ind2=" " tag="245"><subfield code="a">Transportul energiei electrice</subfield></datafield><datafield ind1=" " ind2=" " tag="260"><subfield code="a">Bkucuresti, Ed.Tehnica, 1951. 396 P.+erata+4 Tab</subfield></datafield><datafield ind1=" " ind2=" " tag="490"><subfield code="a">Ministerul En.Electrice Si Ind.Electrotehnice</subfield></datafield><datafield ind1=" " ind2=" " tag="852"><subfield code="a">1175</subfield></datafield></record></collection>